AAII_QTR_DATA,09/30/2021,06/30/2021,03/31/2021,12/31/2020,09/30/2020,06/30/2020,03/31/2020,12/31/2019,09/30/2019,06/30/2019,03/31/2019,12/31/2018,09/30/2018,06/30/2018
Current_Assets,0.1,0.1,0.1,0.1,0.1,0.1,0.1,0.0,0.0,0.0,0.0,0.0,0.0,0.0
Current_Liabilities,0.5,0.3,0.2,0.2,0.2,0.2,0.2,0.2,0.2,0.4,0.3,0.3,0.2,0.1
Diluted_EPS,-0.001,-0.001,0.0,0.0,0.0,0.0,0.0,0.0,-0.002,-0.031,-0.005,0.006999999999999999,-0.005,-0.016
Goodwill_Intangibles,0.1,,,,,,,,0.0,0.0,0.0,0.0,0.0,0.0
Inventory,0.0,0.0,0.0,0.0,0.0,0.0,0.0,0.0,0.0,0.0,0.0,0.0,0.0,0.0
LT_Debt,0.0,0.0,0.0,0.0,0.0,0.0,0.0,0.0,0.0,0.0,0.0,0.0,0.0,0.0
Revenue,,0.0,0.0,0.0,0.0,0.1,0.0,0.0,0.0,0.0,0.0,0.0,0.0,0.0
Shares_Diluted,101.12,101.12,101.12,101.12,101.12,117.4328,101.0222,101.02,57.282,7.2754,7.27,9.7171,10.27,10.3779
Total_Assets,0.2,0.1,0.1,0.1,0.1,0.1,0.1,0.0,0.0,0.0,0.0,0.0,0.0,0.0
Total_Liabilities,0.5,0.3,0.2,0.2,0.2,0.2,0.2,0.2,0.2,0.4,0.3,0.3,0.2,0.1
