AAII_QTR_DATA,06/30/2020,03/31/2020,12/31/2019,09/30/2019,06/30/2019,03/31/2019,12/31/2018,09/30/2018,06/30/2018
Current_Assets,0.2,0.2,0.0,0.0,0.0,0.2,0.3,0.0,0.1
Current_Liabilities,0.1,0.2,0.1,0.1,0.1,0.1,0.1,0.2,0.2
Diluted_EPS,-0.005,-0.011,-0.001,-0.001,-0.006,-0.01,-0.004,-0.004,-0.017
Inventory,0.0,0.0,0.0,0.0,0.0,0.0,0.0,0.0,0.0
LT_Debt,0.0,0.0,0.0,0.0,0.0,0.0,0.0,0.0,0.0
Revenue,,0.0,0.0,0.0,0.0,0.0,0.0,0.0,0.0
Shares_Diluted,29.8634,17.631,17.631,17.631,17.631,17.8187,15.3993,12.3793,12.3793
Total_Assets,0.3,0.3,0.1,0.1,0.1,0.2,0.4,0.1,0.1
Total_Liabilities,0.1,0.2,0.1,0.1,0.1,0.1,0.1,0.2,0.2
