AAII_QTR_DATA,07/31/2020,04/30/2020,01/31/2020,10/31/2019,07/31/2019,04/30/2019,01/31/2019,10/31/2018,07/31/2018
Current_Assets,0.4,0.1,0.2,0.2,0.2,0.2,0.2,0.1,0.1
Current_Liabilities,0.1,0.1,0.1,0.1,0.1,0.1,0.1,0.1,0.1
Diluted_EPS,0.0,-0.001,0.0,0.001,0.0,-0.001,0.003,-0.001,0.0
Inventory,0.0,0.0,0.0,0.0,0.0,0.0,0.0,0.0,0.0
LT_Debt,0.2,0.0,0.0,0.0,0.0,0.1,0.1,0.0,0.0
Revenue,0.2,0.2,0.2,0.3,0.2,0.2,0.4,0.2,0.2
Shares_Diluted,31.195,31.195,31.6825,31.845,31.845,31.845,31.845,31.9497,31.6794
Total_Assets,0.4,0.1,0.2,0.2,0.2,0.2,0.2,0.1,0.1
Total_Liabilities,0.4,0.1,0.2,0.1,0.1,0.1,0.2,0.1,0.2
