AAII_QTR_DATA,08/31/2020,05/31/2020,02/29/2020,11/30/2019,08/31/2019,05/31/2019,02/28/2019,11/30/2018,08/31/2018,05/31/2018
Current_Assets,0.2,0.2,0.2,0.4,0.4,0.2,0.2,0.1,0.1,0.0
Current_Liabilities,1.7,1.7,1.7,1.9,1.6,2.0,1.9,1.5,1.4,1.1
Diluted_EPS,-0.004,-0.003,-0.007,-0.006,-0.005,-0.003,-0.009,-0.008,-0.006,-0.006
Goodwill_Intangibles,0.0,0.0,0.0,0.0,0.0,0.0,0.0,0.0,0.0,
Inventory,0.1,0.1,0.1,0.1,0.1,0.1,0.1,0.1,0.0,0.0
LT_Debt,0.0,0.0,0.0,0.0,0.0,0.0,0.0,0.0,0.0,0.0
Revenue,,0.1,0.0,0.0,0.0,,,0.0,0.0,0.0
Shares_Diluted,56.7348,60.4921,55.0756,55.0756,47.2458,44.2827,44.2827,44.2827,44.2827,40.9013
Total_Assets,0.2,0.2,0.2,0.4,0.5,0.2,0.2,0.1,0.1,0.0
Total_Liabilities,1.7,1.7,1.7,1.9,1.6,2.0,1.9,1.5,1.4,1.1
