AAII_QTR_DATA,12/31/2021,09/30/2021,06/30/2021,03/31/2021,12/31/2020,09/30/2020,06/30/2020,03/31/2020,12/31/2019,09/30/2019,06/30/2019,03/31/2019,12/31/2018,09/30/2018
Current_Assets,0.1,0.1,0.3,0.2,0.1,0.4,0.6,0.7,0.0,0.0,,,,
Current_Liabilities,9.9,6.3,4.9,2.4,2.3,0.1,0.0,0.0,0.2,0.2,,,,
Diluted_EPS,-0.507,-0.012,-0.053,-0.005,-0.019,-0.015,-0.01,0.051,-0.001,0.0,0.0,0.0,-0.001,0.0
Goodwill_Intangibles,0.0,0.0,0.0,0.0,0.0,0.0,0.0,0.0,0.0,0.0,0.0,0.0,0.0,0.0
Inventory,0.0,0.0,0.0,0.0,0.0,0.0,0.0,0.0,0.0,0.0,0.0,0.0,0.0,0.0
LT_Debt,0.0,0.0,0.0,0.0,0.0,0.0,0.0,0.0,0.0,0.0,0.0,0.0,0.0,0.0
Revenue,,0.0,0.0,0.0,0.0,0.0,0.0,0.0,0.0,0.0,0.0,0.0,0.0,0.0
Shares_Diluted,7.1686,17.7035,17.7035,17.7035,17.7035,13.8,13.8,13.8,15.0113,15.0113,,,,
Total_Assets,33.6,141.7,140.5,139.0,138.9,139.2,139.4,139.5,0.2,0.2,,,,
Total_Liabilities,10.3,6.7,5.3,2.9,2.7,0.5,0.4,0.4,0.2,0.2,,,,
