AAII_QTR_DATA,07/31/2020,04/30/2020,01/31/2020,10/31/2019,07/31/2019,04/30/2019,01/31/2019,10/31/2018,07/31/2018
Current_Assets,0.1,0.1,0.1,0.0,0.2,0.2,0.1,0.2,0.1
Current_Liabilities,11.7,11.5,11.3,10.8,10.5,10.1,9.5,9.0,8.0
Diluted_EPS,-0.005,-0.004,-0.01,-0.009,-0.009,-0.011,-0.019,-0.014,-0.064
Inventory,0.0,0.0,0.0,0.0,0.0,0.0,0.0,0.0,0.0
LT_Debt,0.0,0.0,0.0,0.0,0.0,0.0,0.0,0.0,0.0
Revenue,,0.0,0.0,0.0,0.0,0.0,0.0,0.0,0.0
Shares_Diluted,47.5576,47.5576,47.5576,47.5576,47.5576,47.5576,47.5603,47.5576,47.3927
Total_Assets,0.1,0.1,0.1,0.1,0.2,0.2,0.2,0.5,0.2
Total_Liabilities,11.7,11.5,11.3,10.8,10.5,10.1,9.5,9.0,8.0
