AAII_QTR_DATA,06/30/2020,03/31/2020,12/31/2019,09/30/2019,06/30/2019,03/31/2019,12/31/2018,09/30/2018,06/30/2018
Current_Assets,0.0,0.0,0.0,0.0,0.0,0.0,0.0,0.0,0.0
Current_Liabilities,0.0,0.0,0.0,0.0,0.0,0.0,0.0,0.0,0.0
Diluted_EPS,0.884,0.723,0.764,1.075,0.9,1.093,1.066,1.001,0.9440000000000001
Inventory,0.0,0.0,0.0,0.0,0.0,0.0,0.0,0.0,0.0
LT_Debt,1412.0,1411.0,1410.0,1410.0,1410.0,1409.0,1409.0,1958.0,2667.0
Revenue,737.0,750.0,739.0,833.0,755.0,818.0,791.0,768.0,746.0
Shares_Diluted,221.693,222.742,225.127,236.313,243.465,246.934,253.377,260.661,264.92900000000003
Total_Assets,70371.0,67856.0,61416.0,61707.0,61590.0,67518.0,65003.0,64706.0,64353.0
Total_Liabilities,63551.0,61337.0,54873.0,55138.0,54720.0,60736.0,58441.0,57940.0,57450.0
