AAII_QTR_DATA,07/31/2020,04/30/2020,01/31/2020,10/31/2019,07/31/2019,04/30/2019,01/31/2019,10/31/2018,07/31/2018
Current_Assets,0.0,0.1,0.0,0.0,0.0,0.0,0.0,0.0,
Current_Liabilities,0.5,0.4,0.2,0.0,0.0,0.2,0.2,0.1,
Diluted_EPS,0.0,-0.001,-0.001,0.0,0.0,0.0,0.0,0.0,0.0
Inventory,0.0,0.0,0.0,0.0,0.0,0.0,0.0,0.0,0.0
LT_Debt,0.0,0.0,0.0,0.0,0.0,0.0,0.0,0.0,0.0
Revenue,,0.0,0.0,0.0,0.0,0.0,0.0,0.0,0.0
Shares_Diluted,249.844,249.8431,249.8157,249.7773,249.7773,241.7773,249.7773,249.7773,
Total_Assets,0.0,0.1,0.0,0.0,0.0,0.0,0.0,0.0,
Total_Liabilities,0.5,0.4,0.2,0.0,0.0,0.2,0.2,0.1,
