AAII_QTR_DATA,07/31/2020,04/30/2020,01/31/2020,10/31/2019,07/31/2019,04/30/2019,01/31/2019,10/31/2018,07/31/2018
Current_Assets,0.0,0.0,0.0,0.0,0.0,0.0,0.0,0.2,0.3
Current_Liabilities,0.8,0.8,0.8,0.8,0.8,0.7,0.7,0.7,0.7
Diluted_EPS,0.0,0.0,-0.002,0.0,0.0,0.0,0.0,0.0,0.0
Inventory,0.0,0.0,0.0,0.0,0.0,0.0,0.0,0.0,0.0
LT_Debt,0.0,0.0,0.0,0.0,0.0,0.0,0.0,0.0,0.0
Revenue,,0.0,0.0,0.0,0.0,0.0,0.0,0.0,0.0
Shares_Diluted,172.075,172.075,166.5408,152.075,152.075,152.075,152.0811,152.075,150.959
Total_Assets,0.0,0.0,0.0,0.2,0.2,0.2,0.2,0.2,0.3
Total_Liabilities,0.8,0.8,0.8,0.8,0.8,0.7,0.7,0.7,0.7
