AAII_QTR_DATA,04/30/2021,01/31/2021,10/31/2020,07/31/2020,04/30/2020,01/31/2020,10/31/2019,07/31/2019,04/30/2019
Current_Assets,0.0,0.0,0.0,0.0,0.0,0.0,0.0,0.0,0.0
Current_Liabilities,0.1,0.1,0.1,0.1,0.1,0.1,0.1,0.1,0.1
Diluted_EPS,0.0,0.0,-0.001,0.0,0.0,0.0,-0.001,0.0,0.0
Goodwill_Intangibles,0.0,0.0,0.0,0.0,0.0,0.0,0.0,0.0,0.0
Inventory,0.0,0.0,0.0,0.0,0.0,0.0,0.0,0.0,0.0
LT_Debt,0.0,0.0,0.0,0.0,0.0,0.0,0.0,0.0,0.0
Revenue,,0.0,0.0,0.0,0.0,0.0,0.0,0.0,0.0
Shares_Diluted,17.99,17.99,17.99,17.99,17.99,17.99,17.99,17.99,
Total_Assets,0.0,0.0,0.0,0.0,0.0,0.0,0.0,0.0,0.0
Total_Liabilities,0.1,0.1,0.1,0.1,0.1,0.1,0.1,0.1,0.1
