AAII_QTR_DATA,12/31/2021,09/30/2021,06/30/2021,03/31/2021,12/31/2020,09/30/2020,06/30/2020,03/31/2020,12/31/2019,09/30/2019,06/30/2019,03/31/2019,12/31/2018,09/30/2018
Current_Assets,1.5,1.9,2.7,2.4,2.3,1.0,0.9,0.6,0.6,0.6,0.8,0.9,0.6,0.8
Current_Liabilities,2.2,1.9,1.4,1.2,1.3,0.9,1.0,0.9,0.8,0.4,0.3,0.5,0.4,0.3
Diluted_EPS,-0.005,-0.009,-0.003,-0.01,0.0,-0.004,-0.006,-0.006,-0.015,-0.023,-0.012,-0.011000000000000001,-0.006999999999999999,-0.002
Goodwill_Intangibles,0.0,0.0,0.0,0.0,0.0,0.0,0.0,0.0,0.0,0.0,0.0,0.0,0.0,0.0
Inventory,0.4,0.4,0.2,0.2,0.2,0.3,0.2,0.1,0.1,0.1,0.1,0.0,,
LT_Debt,0.0,0.0,0.0,0.0,0.0,0.0,0.0,0.0,0.0,0.0,0.0,0.0,0.0,0.0
Revenue,0.1,0.1,0.0,0.1,0.1,0.1,0.1,0.0,0.1,0.1,0.0,0.1,0.0,0.0
Shares_Diluted,297.0022,292.2351,277.9789,193.6221,162.5752,146.9669,155.9183,156.498,56.1493,55.9582,55.7671,58.8646,56.1493,55.4419
Total_Assets,1.6,2.0,2.8,2.5,2.3,1.0,0.9,0.6,0.7,0.7,0.8,1.0,0.6,0.8
Total_Liabilities,2.4,2.0,1.5,1.2,1.3,0.9,1.0,1.0,0.8,0.4,0.3,0.5,0.5,0.3
