AAII_YR_DATA,12/31/2021,12/31/2020,12/31/2019,12/31/2018,12/31/2017,12/31/2016,12/31/2015,12/31/2014,12/31/2013
Capital_Expenditures,0.3,0.1,0.7,0.5,1.3,2.5,2.0,0.8,0.5
Cash_from_Operations,-42.4,-38.9,-36.9,-38.4,-75.3,-94.3,-49.9,-35.2,-19.5
Diluted_EPS,-0.807,-1.095,-1.454,-1.645,-2.974,-3.691,-2.575,-5.4639999999999995,-1.035
Goodwill_Intangibles,0.0,0.0,0.0,0.0,0.0,0.0,0.0,0.0,0.0
LT_Debt,16.2,15.2,15.0,14.8,0.0,0.0,0.0,0.0,0.0
Net_Income,-51.2,-44.7,-44.7,-50.4,-90.1,-110.6,-61.7,-42.9,-20.1
Revenue,0.1,0.3,0.6,0.7,1.2,0.7,,0.0,0.0
Shares_Diluted,63.4413,40.8458,30.7268,30.6102,30.3042,29.9628,23.9526,7.8532,19.4191
Total_Assets,95.6,106.3,83.0,105.0,128.4,208.6,193.0,159.2,39.8
Total_Liabilities,40.7,40.0,42.8,25.3,11.1,15.9,11.5,5.6,3.6
