AAII_YR_DATA,12/31/2021,12/31/2020,12/31/2019,12/31/2018,12/31/2017,12/31/2016,12/31/2015,12/31/2014,12/31/2013
Capital_Expenditures,35.9,30.1,28.6,27.0,37.2,27.8,24.2,35.1,29.1
Cash_from_Operations,58.1,161.6,160.3,139.1,131.0,129.7,144.7,165.9,178.1
Diluted_EPS,2.796,2.694,2.763,3.059,1.116,2.702,2.937,2.929,2.417
Goodwill_Intangibles,1176.1,731.3,600.5,619.2,645.9,411.4,449.7,219.2,208.8
LT_Debt,1267.1,590.5,540.8,618.8,679.1,437.4,568.2,435.6,381.2
Net_Income,87.8,83.8,85.2,94.2,34.1,82.3,89.2,88.9,75.5
Revenue,1440.0,1074.4,1022.8,1041.3,982.1,839.9,764.1,794.3,772.8
Shares_Diluted,31.4003,31.1042,30.8383,30.6929,30.5493,30.4634,30.3743,30.3565,31.2383
Total_Assets,2420.3,1584.9,1471.7,1466.5,1542.5,1173.7,1290.0,1185.0,1226.8
Total_Liabilities,1738.1,935.3,874.0,908.6,995.8,665.4,822.1,696.0,665.4
